[gd_scene load_steps=16 format=2]

[ext_resource path="res://scenes/bullet/Bullet.gd" type="Script" id=1]
[ext_resource path="res://assets/textures/Bullet_destroyed/Exp_1.png" type="Texture" id=2]
[ext_resource path="res://assets/textures/Bullet_destroyed/Exp_2.png" type="Texture" id=3]
[ext_resource path="res://assets/textures/Bullet_destroyed/Exp_3.png" type="Texture" id=4]
[ext_resource path="res://assets/textures/Bullet_destroyed/Exp_4.png" type="Texture" id=5]
[ext_resource path="res://assets/textures/Bullet_destroyed/Exp_5.png" type="Texture" id=6]
[ext_resource path="res://assets/textures/Bullet_destroyed/Exp_6.png" type="Texture" id=7]
[ext_resource path="res://assets/textures/bullet.png" type="Texture" id=8]
[ext_resource path="res://assets/sfx/ships/bullethit-sfx5.wav" type="AudioStream" id=9]
[ext_resource path="res://assets/sfx/ships/laser-sfx5.wav" type="AudioStream" id=10]

[sub_resource type="CapsuleShape2D" id=1]
radius = 2.3514
height = 10.3533

[sub_resource type="SpriteFrames" id=2]
animations = [ {
"frames": [ ExtResource( 2 ), ExtResource( 3 ), ExtResource( 4 ), ExtResource( 5 ), ExtResource( 6 ), ExtResource( 7 ) ],
"loop": false,
"name": "destroyed",
"speed": 15.0
} ]

[sub_resource type="Curve" id=3]
_data = [ Vector2( 0, 1 ), 0.0, -1.39269, 0, 0, Vector2( 0.996156, 0.2492 ), -1.13918, 0.0, 0, 0 ]

[sub_resource type="CurveTexture" id=4]
curve = SubResource( 3 )

[sub_resource type="ParticlesMaterial" id=5]
lifetime_randomness = 0.1
flag_disable_z = true
direction = Vector3( -1, 0, 0 )
spread = 0.0
gravity = Vector3( 0, 0, 0 )
angular_velocity = 360.0
angular_velocity_random = 1.0
orbit_velocity = 0.0
orbit_velocity_random = 0.0
scale = 5.0
scale_curve = SubResource( 4 )
color = Color( 0.780392, 0.0941176, 0.176471, 1 )

[node name="Bullet" type="Area2D" groups=[
"Bullet",
"Hitter",
]]
scale = Vector2( 1.2, 1.2 )
z_index = 2
gravity = 0.0
collision_layer = 4
collision_mask = 0
script = ExtResource( 1 )
__meta__ = {
"_edit_group_": true,
"_edit_vertical_guides_": [  ]
}

[node name="CollisionShape2D" type="CollisionShape2D" parent="."]
position = Vector2( 0, -0.15 )
rotation = 1.5708
shape = SubResource( 1 )

[node name="AnimatedSprite" type="AnimatedSprite" parent="."]
visible = false
self_modulate = Color( 0.952941, 0.803922, 0.803922, 1 )
position = Vector2( 4, 0 )
scale = Vector2( 0.4, 0.4 )
frames = SubResource( 2 )
animation = "destroyed"

[node name="Sprite" type="Sprite" parent="."]
scale = Vector2( 0.3, 0.3 )
texture = ExtResource( 8 )

[node name="Particles2D" type="Particles2D" parent="."]
amount = 10
lifetime = 0.4
randomness = 1.0
local_coords = false
process_material = SubResource( 5 )

[node name="HitSfx" type="AudioStreamPlayer" parent="."]
stream = ExtResource( 9 )
volume_db = -10.0

[node name="ShotSfx" type="AudioStreamPlayer" parent="."]
stream = ExtResource( 10 )
volume_db = -10.0
pitch_scale = 0.9
