[gd_scene load_steps=11 format=2]

[ext_resource path="res://scenes/ships/Ships.gd" type="Script" id=1]
[ext_resource path="res://assets/textures/Backgrounds/default.png" type="Texture" id=2]
[ext_resource path="res://theme.tres" type="Theme" id=3]
[ext_resource path="res://fonts/40.tres" type="DynamicFont" id=4]
[ext_resource path="res://fonts/32.tres" type="DynamicFont" id=5]
[ext_resource path="res://scenes/ships/ShipSpawn.gd" type="Script" id=6]
[ext_resource path="res://assets/ship_sprites/Ship0Idle_1.png" type="Texture" id=7]
[ext_resource path="res://fonts/Xolonium-Regular.ttf" type="DynamicFontData" id=8]

[sub_resource type="DynamicFont" id=1]
size = 32
font_data = ExtResource( 8 )

[sub_resource type="DynamicFont" id=2]
size = 32
font_data = ExtResource( 8 )

[node name="Ships" type="Node"]
script = ExtResource( 1 )

[node name="TextureRect" type="TextureRect" parent="."]
margin_right = 40.0
margin_bottom = 40.0
texture = ExtResource( 2 )

[node name="HUD" type="CanvasLayer" parent="TextureRect"]

[node name="MarginContainer" type="MarginContainer" parent="TextureRect/HUD"]
anchor_right = 1.0
anchor_bottom = 1.0
theme = ExtResource( 3 )
custom_constants/margin_right = 20
custom_constants/margin_top = 20
custom_constants/margin_left = 20
custom_constants/margin_bottom = 20
__meta__ = {
"_edit_group_": true
}

[node name="VSplitContainer" type="VBoxContainer" parent="TextureRect/HUD/MarginContainer"]
margin_left = 20.0
margin_top = 20.0
margin_right = 1004.0
margin_bottom = 748.0

[node name="HSplitContainer" type="HBoxContainer" parent="TextureRect/HUD/MarginContainer/VSplitContainer"]
margin_right = 984.0
margin_bottom = 489.0

[node name="DataContainer" type="VBoxContainer" parent="TextureRect/HUD/MarginContainer/VSplitContainer/HSplitContainer"]
margin_right = 480.0
margin_bottom = 489.0
grow_horizontal = 0
size_flags_horizontal = 3
size_flags_vertical = 3

[node name="ShipDataTitle" type="Label" parent="TextureRect/HUD/MarginContainer/VSplitContainer/HSplitContainer/DataContainer"]
margin_right = 480.0
margin_bottom = 49.0
custom_fonts/font = ExtResource( 4 )
text = "Ship Stats"
align = 1
valign = 1

[node name="ShipData" type="HBoxContainer" parent="TextureRect/HUD/MarginContainer/VSplitContainer/HSplitContainer/DataContainer"]
margin_top = 53.0
margin_right = 480.0
margin_bottom = 307.0

[node name="Labels" type="VBoxContainer" parent="TextureRect/HUD/MarginContainer/VSplitContainer/HSplitContainer/DataContainer/ShipData"]
margin_right = 453.0
margin_bottom = 254.0
size_flags_horizontal = 3

[node name="HealthLabel" type="Label" parent="TextureRect/HUD/MarginContainer/VSplitContainer/HSplitContainer/DataContainer/ShipData/Labels"]
margin_right = 453.0
margin_bottom = 39.0
custom_fonts/font = ExtResource( 5 )
text = "Health: "

[node name="SpeedLabel" type="Label" parent="TextureRect/HUD/MarginContainer/VSplitContainer/HSplitContainer/DataContainer/ShipData/Labels"]
margin_top = 43.0
margin_right = 453.0
margin_bottom = 82.0
custom_fonts/font = ExtResource( 5 )
text = "Speed: "

[node name="AmmoLabel" type="Label" parent="TextureRect/HUD/MarginContainer/VSplitContainer/HSplitContainer/DataContainer/ShipData/Labels"]
margin_top = 86.0
margin_right = 453.0
margin_bottom = 125.0
custom_fonts/font = ExtResource( 5 )
text = "Ammo: "

[node name="MissDPSLabel" type="Label" parent="TextureRect/HUD/MarginContainer/VSplitContainer/HSplitContainer/DataContainer/ShipData/Labels"]
margin_top = 129.0
margin_right = 453.0
margin_bottom = 168.0
custom_fonts/font = ExtResource( 5 )
text = "Miss DPS: "

[node name="HitDPSLabel" type="Label" parent="TextureRect/HUD/MarginContainer/VSplitContainer/HSplitContainer/DataContainer/ShipData/Labels"]
margin_top = 172.0
margin_right = 453.0
margin_bottom = 211.0
custom_fonts/font = ExtResource( 5 )
text = "Hit DPS: "

[node name="RangeLabel" type="Label" parent="TextureRect/HUD/MarginContainer/VSplitContainer/HSplitContainer/DataContainer/ShipData/Labels"]
margin_top = 215.0
margin_right = 453.0
margin_bottom = 254.0
custom_fonts/font = ExtResource( 5 )
text = "Range:"

[node name="Data" type="VBoxContainer" parent="TextureRect/HUD/MarginContainer/VSplitContainer/HSplitContainer/DataContainer/ShipData"]
margin_left = 457.0
margin_right = 480.0
margin_bottom = 254.0

[node name="ShipHealth" type="Label" parent="TextureRect/HUD/MarginContainer/VSplitContainer/HSplitContainer/DataContainer/ShipData/Data"]
margin_right = 23.0
margin_bottom = 39.0
custom_fonts/font = ExtResource( 5 )
text = "0"
align = 2

[node name="ShipSpeed" type="Label" parent="TextureRect/HUD/MarginContainer/VSplitContainer/HSplitContainer/DataContainer/ShipData/Data"]
margin_top = 43.0
margin_right = 23.0
margin_bottom = 82.0
custom_fonts/font = ExtResource( 5 )
text = "0"
align = 2

[node name="ShipAmmo" type="Label" parent="TextureRect/HUD/MarginContainer/VSplitContainer/HSplitContainer/DataContainer/ShipData/Data"]
margin_top = 86.0
margin_right = 23.0
margin_bottom = 125.0
custom_fonts/font = ExtResource( 5 )
text = "0"
align = 2

[node name="MissDPS" type="Label" parent="TextureRect/HUD/MarginContainer/VSplitContainer/HSplitContainer/DataContainer/ShipData/Data"]
margin_top = 129.0
margin_right = 23.0
margin_bottom = 168.0
custom_fonts/font = ExtResource( 5 )
text = "0"
align = 2

[node name="HitDPS" type="Label" parent="TextureRect/HUD/MarginContainer/VSplitContainer/HSplitContainer/DataContainer/ShipData/Data"]
margin_top = 172.0
margin_right = 23.0
margin_bottom = 211.0
custom_fonts/font = ExtResource( 5 )
text = "0"
align = 2

[node name="Range" type="Label" parent="TextureRect/HUD/MarginContainer/VSplitContainer/HSplitContainer/DataContainer/ShipData/Data"]
margin_top = 215.0
margin_right = 23.0
margin_bottom = 254.0
custom_fonts/font = ExtResource( 5 )
text = "0"
align = 2

[node name="BulletDataTitle" type="Label" parent="TextureRect/HUD/MarginContainer/VSplitContainer/HSplitContainer/DataContainer"]
margin_top = 311.0
margin_right = 480.0
margin_bottom = 360.0
custom_fonts/font = ExtResource( 4 )
text = "Bullet Stats"
align = 1
valign = 1

[node name="BulletData" type="HBoxContainer" parent="TextureRect/HUD/MarginContainer/VSplitContainer/HSplitContainer/DataContainer"]
margin_top = 364.0
margin_right = 480.0
margin_bottom = 489.0

[node name="Labels" type="VBoxContainer" parent="TextureRect/HUD/MarginContainer/VSplitContainer/HSplitContainer/DataContainer/BulletData"]
margin_right = 410.0
margin_bottom = 125.0
size_flags_horizontal = 3

[node name="DamageLabel" type="Label" parent="TextureRect/HUD/MarginContainer/VSplitContainer/HSplitContainer/DataContainer/BulletData/Labels"]
margin_right = 410.0
margin_bottom = 39.0
custom_fonts/font = ExtResource( 5 )
text = "Damage: "

[node name="LifeLabel" type="Label" parent="TextureRect/HUD/MarginContainer/VSplitContainer/HSplitContainer/DataContainer/BulletData/Labels"]
margin_top = 43.0
margin_right = 410.0
margin_bottom = 82.0
custom_fonts/font = ExtResource( 5 )
text = "Duration:"

[node name="SpeedLabel" type="Label" parent="TextureRect/HUD/MarginContainer/VSplitContainer/HSplitContainer/DataContainer/BulletData/Labels"]
margin_top = 86.0
margin_right = 410.0
margin_bottom = 125.0
custom_fonts/font = ExtResource( 5 )
text = "Speed:"

[node name="Data" type="VBoxContainer" parent="TextureRect/HUD/MarginContainer/VSplitContainer/HSplitContainer/DataContainer/BulletData"]
margin_left = 414.0
margin_right = 480.0
margin_bottom = 125.0

[node name="BulletDamage" type="Label" parent="TextureRect/HUD/MarginContainer/VSplitContainer/HSplitContainer/DataContainer/BulletData/Data"]
margin_right = 66.0
margin_bottom = 39.0
custom_fonts/font = ExtResource( 5 )
text = "0% "
align = 2

[node name="BulletLife" type="Label" parent="TextureRect/HUD/MarginContainer/VSplitContainer/HSplitContainer/DataContainer/BulletData/Data"]
margin_top = 43.0
margin_right = 66.0
margin_bottom = 82.0
custom_fonts/font = ExtResource( 5 )
text = "0%"
align = 2

[node name="BulletSpeed" type="Label" parent="TextureRect/HUD/MarginContainer/VSplitContainer/HSplitContainer/DataContainer/BulletData/Data"]
margin_top = 86.0
margin_right = 66.0
margin_bottom = 125.0
custom_fonts/font = ExtResource( 5 )
text = "0%"
align = 2

[node name="ShipContainer" type="VBoxContainer" parent="TextureRect/HUD/MarginContainer/VSplitContainer/HSplitContainer"]
margin_left = 484.0
margin_right = 984.0
margin_bottom = 489.0

[node name="ShipName" type="Label" parent="TextureRect/HUD/MarginContainer/VSplitContainer/HSplitContainer/ShipContainer"]
margin_right = 500.0
margin_bottom = 49.0
size_flags_horizontal = 3
custom_fonts/font = ExtResource( 4 )
text = "name"
align = 1
valign = 1

[node name="ReferenceRect" type="ReferenceRect" parent="TextureRect/HUD/MarginContainer/VSplitContainer/HSplitContainer/ShipContainer"]
margin_top = 53.0
margin_right = 500.0
margin_bottom = 453.0
rect_min_size = Vector2( 500, 400 )
size_flags_stretch_ratio = 0.0
border_color = Color( 1, 1, 1, 1 )

[node name="ShipSpawn" type="CenterContainer" parent="TextureRect/HUD/MarginContainer/VSplitContainer/HSplitContainer/ShipContainer/ReferenceRect"]
anchor_left = 0.5
anchor_top = 0.5
anchor_right = 0.5
anchor_bottom = 0.5
script = ExtResource( 6 )

[node name="ShipSprite" type="Sprite" parent="TextureRect/HUD/MarginContainer/VSplitContainer/HSplitContainer/ShipContainer/ReferenceRect/ShipSpawn"]
texture = ExtResource( 7 )

[node name="HBoxContainer" type="HBoxContainer" parent="TextureRect/HUD/MarginContainer/VSplitContainer"]
margin_top = 493.0
margin_right = 984.0
margin_bottom = 532.0
size_flags_horizontal = 3
custom_constants/separation = 20

[node name="PreviousShip" type="Button" parent="TextureRect/HUD/MarginContainer/VSplitContainer/HBoxContainer"]
margin_right = 107.0
margin_bottom = 39.0
focus_mode = 0
custom_fonts/font = SubResource( 1 )
enabled_focus_mode = 0
text = "< prev"
align = 0

[node name="CenterContainer" type="CenterContainer" parent="TextureRect/HUD/MarginContainer/VSplitContainer/HBoxContainer"]
margin_left = 127.0
margin_right = 857.0
margin_bottom = 39.0
size_flags_horizontal = 3

[node name="HBoxContainer" type="HBoxContainer" parent="TextureRect/HUD/MarginContainer/VSplitContainer/HBoxContainer/CenterContainer"]
margin_left = 26.0
margin_right = 704.0
margin_bottom = 39.0
custom_constants/separation = 30

[node name="Set1" type="Button" parent="TextureRect/HUD/MarginContainer/VSplitContainer/HBoxContainer/CenterContainer/HBoxContainer"]
margin_right = 297.0
margin_bottom = 39.0
focus_mode = 0
custom_fonts/font = ExtResource( 5 )
enabled_focus_mode = 0
text = "Set as first Player"

[node name="Set2" type="Button" parent="TextureRect/HUD/MarginContainer/VSplitContainer/HBoxContainer/CenterContainer/HBoxContainer"]
margin_left = 327.0
margin_right = 678.0
margin_bottom = 39.0
focus_mode = 0
custom_fonts/font = ExtResource( 5 )
enabled_focus_mode = 0
text = "Set as second Player"

[node name="NextShip" type="Button" parent="TextureRect/HUD/MarginContainer/VSplitContainer/HBoxContainer"]
margin_left = 877.0
margin_right = 984.0
margin_bottom = 39.0
focus_mode = 0
custom_fonts/font = SubResource( 2 )
enabled_focus_mode = 0
text = "next >"
align = 0

[node name="DescriptionContainer" type="MarginContainer" parent="TextureRect/HUD/MarginContainer/VSplitContainer"]
margin_top = 536.0
margin_right = 984.0
margin_bottom = 679.0
size_flags_horizontal = 3
custom_constants/margin_right = 10
custom_constants/margin_top = 10
custom_constants/margin_left = 10
custom_constants/margin_bottom = 10

[node name="Description" type="Label" parent="TextureRect/HUD/MarginContainer/VSplitContainer/DescriptionContainer"]
margin_left = 10.0
margin_top = 10.0
margin_right = 974.0
margin_bottom = 133.0
custom_fonts/font = ExtResource( 5 )
text = "Lorem ipsum dolor sit amet, consectetur adipisci elit, sed do eiusmod tempor incidunt ut labore et dolore magna aliqua."
autowrap = true
[connection signal="pressed" from="TextureRect/HUD/MarginContainer/VSplitContainer/HBoxContainer/PreviousShip" to="." method="_on_PreviousShip_pressed"]
[connection signal="pressed" from="TextureRect/HUD/MarginContainer/VSplitContainer/HBoxContainer/CenterContainer/HBoxContainer/Set1" to="." method="_on_Set1_pressed"]
[connection signal="pressed" from="TextureRect/HUD/MarginContainer/VSplitContainer/HBoxContainer/CenterContainer/HBoxContainer/Set2" to="." method="_on_Set2_pressed"]
[connection signal="pressed" from="TextureRect/HUD/MarginContainer/VSplitContainer/HBoxContainer/NextShip" to="." method="_on_NextShip_pressed"]
